<record><leader>00000cas a22000007a 4500</leader><controlfield tag="001">9953420</controlfield><controlfield tag="008">830927d18141829nyuwr ne      0    0eng d</controlfield><datafield ind1=" " ind2=" " tag="010"><subfield code="a">sn 83031672 </subfield></datafield><datafield ind1=" " ind2=" " tag="040"><subfield code="a">NPU</subfield><subfield code="b">eng</subfield><subfield code="c">NPU</subfield><subfield code="d">NPX</subfield><subfield code="d">NYS</subfield><subfield code="d">OCL</subfield><subfield code="d">KRTAS</subfield><subfield code="d">OCLCO</subfield></datafield><datafield ind1="1" ind2=" " tag="029"><subfield code="a">AU@</subfield><subfield code="b">000020127766</subfield></datafield><datafield ind1=" " ind2=" " tag="042"><subfield code="a">msc</subfield></datafield><datafield ind1=" " ind2=" " tag="043"><subfield code="a">n-us-ny</subfield></datafield><datafield ind1="0" ind2="0" tag="245"><subfield code="a">Onondaga register.</subfield></datafield><datafield ind1=" " ind2=" " tag="260"><subfield code="a">Onondaga [Hollow, N.Y.] :</subfield><subfield code="b">L.H. Redfield &amp; Co.,</subfield><subfield code="c">1814-</subfield></datafield><datafield ind1=" " ind2=" " tag="300"><subfield code="a">v. ;</subfield><subfield code="c">49-52 cm.</subfield></datafield><datafield ind1=" " ind2=" " tag="310"><subfield code="a">Weekly</subfield></datafield><datafield ind1="0" ind2=" " tag="362"><subfield code="a">Vol. 1, no. 1 (Sept. 28, 1814)-</subfield></datafield><datafield ind1="1" ind2=" " tag="362"><subfield code="a">Ceased in May 1829.</subfield><subfield code="z">Cf. Lodder, G.B.  Summary of newspapers pub. in Onondaga Co., N.Y. to 1900.  Typescript at Amer. Antiquarian Society.</subfield></datafield><datafield ind1=" " ind2=" " tag="500"><subfield code="a">Redfield &amp; Morse, 1817-1818; Lewis H. Redfield, 1818-1826; John Fagan, 1826-1827; L.H. Redfield, 1827-&lt;1829&gt;.</subfield></datafield><datafield ind1=" " ind2=" " tag="500"><subfield code="a">"Republican."</subfield></datafield><datafield ind1=" " ind2="0" tag="651"><subfield code="a">Onondaga Hollow (N.Y.)</subfield><subfield code="v">Newspapers.</subfield></datafield><datafield ind1=" " ind2="0" tag="651"><subfield code="a">Syracuse (N.Y.)</subfield><subfield code="v">Newspapers.</subfield></datafield><datafield ind1=" " ind2="0" tag="651"><subfield code="a">Onondaga County (N.Y.)</subfield><subfield code="v">Newspapers.</subfield></datafield><datafield ind1=" " ind2=" " tag="752"><subfield code="a">United States</subfield><subfield code="b">New York</subfield><subfield code="c">Onondaga</subfield><subfield code="d">Onondaga Hollow.</subfield></datafield><datafield ind1=" " ind2=" " tag="752"><subfield code="a">United States</subfield><subfield code="b">New York</subfield><subfield code="c">Onondaga</subfield><subfield code="d">Syracuse.</subfield></datafield><datafield ind1="0" ind2="7" tag="785"><subfield code="t">Syracuse gazette &amp; general advertiser</subfield><subfield code="w">(DLC)sn 86053082</subfield><subfield code="w">(OCoLC)13147539</subfield></datafield><datafield ind1="0" ind2="7" tag="785"><subfield code="t">Onondaga register &amp; Syracuse gazette</subfield><subfield code="w">(DLC)sn 83031898</subfield><subfield code="w">(OCoLC)10033552</subfield></datafield><datafield ind1=" " ind2=" " tag="936"><subfield code="a">Vol. 15, no. 33 (Apr. 22, 1829) LIC</subfield></datafield><datafield ind1=" " ind2=" " tag="938"><subfield code="a">Kirtas Technologies, Inc.</subfield><subfield code="b">KRTS</subfield><subfield code="n">737487</subfield></datafield></record>